<?xml version="1.0" encoding="UTF-8"?><record xmlns="http://www.loc.gov/MARC21/slim" xmlns:cinclude="http://apache.org/cocoon/include/1.0" xmlns:zs="http://www.loc.gov/zing/srw/">
  <leader>00911cz  a2200181n  4500</leader>
  <controlfield tag="001">n  50078195 </controlfield>
  <controlfield tag="003">DLC</controlfield>
  <controlfield tag="005">19950902054720.6</controlfield>
  <controlfield tag="008">810114n| acannaab|          |a ana |||  </controlfield>
  <datafield tag="010" ind1=" " ind2=" ">
    <subfield code="a">n  50078195 </subfield>
  </datafield>
  <datafield tag="035" ind1=" " ind2=" ">
    <subfield code="a">(OCoLC)oca00111855 </subfield>
  </datafield>
  <datafield tag="040" ind1=" " ind2=" ">
    <subfield code="a">DLC</subfield>
    <subfield code="c">DLC</subfield>
    <subfield code="d">MH</subfield>
  </datafield>
  <datafield tag="110" ind1="2" ind2="0">
    <subfield code="a">Centro de Estudos Demográficos (Portugal)</subfield>
  </datafield>
  <datafield tag="410" ind1="2" ind2="0">
    <subfield code="a">Instituto Nacional de Estatística (Portugal).</subfield>
    <subfield code="b">Centro de Estudos Demográficos</subfield>
  </datafield>
  <datafield tag="410" ind1="1" ind2="0">
    <subfield code="w">nna</subfield>
    <subfield code="a">Portugal.</subfield>
    <subfield code="b">Centro de Estudos Demográficos</subfield>
  </datafield>
  <datafield tag="510" ind1="2" ind2="0">
    <subfield code="w">b</subfield>
    <subfield code="a">Instituto Nacional de Estatística (Portugal).</subfield>
    <subfield code="b">Gabinete de Estudos Demográficos</subfield>
  </datafield>
  <datafield tag="670" ind1=" " ind2=" ">
    <subfield code="a">Its Revista.</subfield>
  </datafield>
  <datafield tag="670" ind1=" " ind2=" ">
    <subfield code="a">Estudos demográficos, No. 30 (1991):</subfield>
    <subfield code="b">t.p. (Gabinete de Estudos Demográficos do Instituto Nacional de Estatística) p. 5 ("... recente reestruturação do Instituto Nacional de Estatística foi a transformação do Centro de Estudos Demográficos no Gabinete de Estudos Demográficos)</subfield>
  </datafield>
</record>